@INPROCEEDINGS{226555,
  author={Ling, N. and Shih, T. and Huang, J.},
  booktitle={[Proceedings] ICASSP-92: 1992 IEEE International Conference on Acoustics, Speech, and Signal Processing}, 
  title={Inductive techniques for formal verification of systolic array designs in DSP applications}, 
  year={1992},
  volume={5},
  number={},
  pages={573-576 vol.5},
  doi={10.1109/ICASSP.1992.226555}}

@INPROCEEDINGS{540529,
  author={Hyesook Lim and Swartzlander, E.E.},
  booktitle={Conference Record of The Twenty-Ninth Asilomar Conference on Signals, Systems and Computers}, 
  title={Efficient systolic arrays for FFT algorithms}, 
  year={1995},
  volume={1},
  number={},
  pages={141-145 vol.1},
  doi={10.1109/ACSSC.1995.540529}}

@misc{jouppi2023tpu,
      title={TPU v4: An Optically Reconfigurable Supercomputer for Machine Learning with Hardware Support for Embeddings}, 
      author={Norman P. Jouppi and George Kurian and Sheng Li and Peter Ma and Rahul Nagarajan and Lifeng Nai and Nishant Patil and Suvinay Subramanian and Andy Swing and Brian Towles and Cliff Young and Xiang Zhou and Zongwei Zhou and David Patterson},
      year={2023},
      eprint={2304.01433},
      archivePrefix={arXiv},
      primaryClass={cs.AR}
}

@inproceedings{46078,
title	= {In-Datacenter Performance Analysis of a Tensor Processing Unit},
author	= {Norman P. Jouppi and Cliff Young and Nishant Patil and David Patterson and Gaurav Agrawal and Raminder Bajwa and Sarah Bates and Suresh Bhatia and Nan Boden and Al Borchers and Rick Boyle and Pierre-luc Cantin and Clifford Chao and Chris Clark and Jeremy Coriell and Mike Daley and Matt Dau and Jeffrey Dean and Ben Gelb and Tara Vazir Ghaemmaghami and Rajendra Gottipati and William Gulland and Robert Hagmann and C. Richard Ho and Doug Hogberg and John Hu and Robert Hundt and Dan Hurt and Julian Ibarz and Aaron Jaffey and Alek Jaworski and Alexander Kaplan and Harshit Khaitan and Andy Koch and Naveen Kumar and Steve Lacy and James Laudon and James Law and Diemthu Le and Chris Leary and Zhuyuan Liu and Kyle Lucke and Alan Lundin and Gordon MacKean and Adriana Maggiore and Maire Mahony and Kieran Miller and Rahul Nagarajan and Ravi Narayanaswami and Ray Ni and Kathy Nix and Thomas Norrie and Mark Omernick and Narayana Penukonda and Andy Phelps and Jonathan Ross},
year	= {2017},
URL	= {https://arxiv.org/pdf/1704.04760.pdf}
}

@ARTICLE{9361255,
  author={Choquette, Jack and Gandhi, Wishwesh and Giroux, Olivier and Stam, Nick and Krashinsky, Ronny},
  journal={IEEE Micro}, 
  title={NVIDIA A100 Tensor Core GPU: Performance and Innovation}, 
  year={2021},
  volume={41},
  number={2},
  pages={29-35},
  doi={10.1109/MM.2021.3061394}}


